<?xml version="1.0" encoding="UTF-8" ?>
<collection xmlns:xsi="http://www.w3.org/2001/XMLSchema-instance" xsi:schemaLocation="http://www.loc.gov/MARC21/slim http://www.loc.gov/standards/marcxml/schema/MARC21slim.xsd" xmlns="http://www.loc.gov/MARC21/slim">
   <record>
      <leader>     cam a22      a 4500</leader>
      <controlfield tag="001">1909451</controlfield>
      <controlfield tag="003">COO</controlfield>
      <controlfield tag="005">20130430122035.0</controlfield>
      <controlfield tag="008">910510q18801890ua            000 0 ara d</controlfield>
      <datafield tag="035" ind1=" " ind2=" ">
         <subfield code="a">(NIC)notisAJX1704</subfield>
      </datafield>
      <datafield tag="035" ind1=" " ind2=" ">
         <subfield code="a">(OCoLC)64680441</subfield>
      </datafield>
      <datafield tag="035" ind1=" " ind2=" ">
         <subfield code="a">1909451</subfield>
      </datafield>
      <datafield tag="040" ind1=" " ind2=" ">
         <subfield code="a">NIC</subfield>
         <subfield code="c">NIC</subfield>
      </datafield>
      <datafield tag="100" ind1="1" ind2=" ">
         <subfield code="a">Makkūdī, ʻAbd al-Raḥmān ibn ʻAlī,</subfield>
         <subfield code="d">-1405?</subfield>
      </datafield>
      <datafield tag="245" ind1="1" ind2="0">
         <subfield code="a">Sharḥ al-ʻallāmah al-naḥawī al-muqrī al-lughawī Abī Zayd ʻAbd al-Raḥmān ibn ʻAlī ibn Ṣāliḥ al-Makkūdī ʻalá Alfīyat ibn Mālik fī al-naḥw nafaʻa Allāh taʻālá bihimā ; wa bi-hāmishihi Ḥāshiyat al-Mallawī...</subfield>
      </datafield>
      <datafield tag="260" ind1=" " ind2=" ">
         <subfield code="a">[Egypt :</subfield>
         <subfield code="b">s.n.,</subfield>
         <subfield code="c">188-?]</subfield>
      </datafield>
      <datafield tag="300" ind1=" " ind2=" ">
         <subfield code="a">252 p. ;</subfield>
         <subfield code="c">27 cm.</subfield>
      </datafield>
      <datafield tag="500" ind1=" " ind2=" ">
         <subfield code="a">Spine title: Sharḥ al-Makkūdī ʻalá Alfīyat Ibn Mālik.</subfield>
      </datafield>
      <datafield tag="600" ind1="1" ind2="0">
         <subfield code="a">Ibn Mālik, Muḥammad ibn ʻAbd Allah,</subfield>
         <subfield code="d">-1274.</subfield>
         <subfield code="t">Alfīyah</subfield>
      </datafield>
      <datafield tag="650" ind1=" " ind2="0">
         <subfield code="a">Arabic language</subfield>
         <subfield code="x">Grammar</subfield>
         <subfield code="x">Early works to 1800.</subfield>
      </datafield>
      <datafield tag="700" ind1="1" ind2=" ">
         <subfield code="a">Mallawī, Aḥmad ibn ʻAbd al-Fattāḥ,</subfield>
         <subfield code="d">1677-1767 or 1768.</subfield>
      </datafield>
      <datafield tag="740" ind1="0" ind2=" ">
         <subfield code="a">Sharḥ al-Makkūdī ʻalá alfīyat Ibn Mālik.</subfield>
      </datafield>
      <datafield tag="740" ind1="0" ind2=" ">
         <subfield code="a">Sharḥ Abī Zayd ʻAbd al-Raṃān ibn Abī Ṣāliḥ al-Makkūdī ʻalá Alfīyat Ibn Mal̄ik fī al-Naḥw.</subfield>
      </datafield>
      <datafield tag="740" ind1="0" ind2=" ">
         <subfield code="a">Alfīyat ibn Mālik fī al-naḥw.</subfield>
      </datafield>
      <datafield tag="903" ind1=" " ind2=" ">
         <subfield code="a">Google</subfield>
         <subfield code="d">20130423</subfield>
         <subfield code="p">31924068244064</subfield>
      </datafield>
      <datafield tag="905" ind1=" " ind2=" ">
         <subfield code="a">19931103120000.0</subfield>
      </datafield>
      <datafield tag="948" ind1="2" ind2=" ">
         <subfield code="a">20100407</subfield>
         <subfield code="b">m</subfield>
         <subfield code="d">batch</subfield>
         <subfield code="e">lts</subfield>
         <subfield code="x">del9XXtxt</subfield>
      </datafield>
      <datafield tag="952" ind1=" " ind2=" ">
         <subfield code="b">olin,anx</subfield>
         <subfield code="h">PJ6101.I23</subfield>
         <subfield code="i">A3 1880</subfield>
      </datafield>
      <datafield tag="995" ind1=" " ind2=" ">
         <subfield code="a">Hivolm</subfield>
         <subfield code="d">20100407</subfield>
      </datafield>
      <datafield tag="903" ind1=" " ind2=" ">
         <subfield code="a">NYUACO</subfield>
         <subfield code="d">20131119</subfield>
         <subfield code="p">31924068244064</subfield>
      </datafield>
      <datafield tag="950" ind1=" " ind2=" ">
         <subfield code="a">+</subfield>
         <subfield code="b">PJ6101.I23 A3 1880</subfield>
         <subfield code="v"> </subfield>
      </datafield>
   </record>
</collection>
